
% geometria vo VR
@INPROCEEDINGS{Math,
  author={R. {Liu} and C. {Liu} and Y. {Ren}},
  booktitle={2018 International Symposium on Educational Technology (ISET)}, 
  title={A Virtual Reality Application for Primary School Mathematics Class}, 
  year={2018},
  volume={},
  number={},
  pages={138-141},
  doi={10.1109/ISET.2018.00038}}


% fyzika vo VR
@article{Physics,
   author={Al-Amri,A. and Osman,M. and Musawi,A. A.},
   year={2020},
   title={The effectiveness of a 3D-virtual reality learning environment (3D-VRLE) on the omani eighth grade students' achievement and motivation towards physics learning},
   journal={International Journal of Emerging Technologies in Learning},
   volume={15},
   number={5},
   pages={4-16},
   note={Cited By :2},
   language={English},
   url={www.scopus.com},
}
